3067 5117
143 452 150 469 =
249 458 356 544 1⁶4,
444 377 1257 575 ennurs‘uonun'trcns

151 698 154 703 .
256 626 435 709 ssinente,
464 619 730 718 Agamemnoni
756 620 897 696 animos
924 617 1055 705 addit,
1084 632 1246 723 eumque
1269 633 1312 701 ut
1332 644 1414 705 cum

256 720 420 805 hostibus
436 721 565 795 aeriter
576 719 724 794 dimicet
736 717 954 813 adhortatur.
981 715 1052 793 Ubi
1071 741 1157 795 vero
1171 726 1412 817 Agamemno·

255 841 341 897 nem
355 811 580 899 stimuinffet,
602 820 644 889 'ut
661 817 791 912 paritet
815 816 976 893 incitaret
991 836 1120 890 omnen
1135 815 1319 901 Achivos,
1341 818 1411 895 for·

256 917 340 991 titer
367 909 558 995 clamavit,
584 925 680 986 tanta
713 910 846 986 scilicet
879 930 972 987 vnce
993 963 1005 998 ,
1030 924 1208 1010 tantoque
1236 911 1410 1004 clamore,

255 1006 443 1111 quantum
463 1009 667 1083 emitterent
692 1009 817 1082 novies
849 1005 907 1081 vel
935 1004 1053 1083 decies
1085 1007 1284 1085 huminum
1312 1007 1411 1092 millia

254 1111 293 1183 in
315 1105 421 1197 bello.
474 1101 565 1196 Quo
584 1103 675 1180 fatto
696 1125 869 1201 magnum
889 1102 995 1200 plane
1015 1103 1128 1181 robur
1136 1108 1183 1201 ¹in
1200 1105 1410 1188 Graeeonn

117 1262 121 1275 .
252 1203 404 1338 pedore
424 1197 578 1278 immitit.
629 1196 682 1276 En
706 1197 944 1277 Homericum
960 1199 1107 1277 locum:

344 1346 404 1422 ‘tn
431 1341 523 1418 tandi
541 1394 552 1424 ‚
573 1347 641 1438 pin*
661 1339 780 1423 ἄϋσεν,
805 1342 1007 1435 ἐπιεσσόμενος
1024 1344 1169 1441 πεδίοιο,
1203 1426 1205 1431 ,
1285 1350 1291 1377 “

345 1442 452 1514 ’Ὄσσαν
476 1443 503 1521 ‘i’
524 1440 695 1532 δσσσσίχσλσσ
717 1447 874 1532 iniungre,
899 1438 916 1512 i
942 1439 1104 1536 δισσίχιλσσ

351 1540 465 1639 'Aniene
486 1546 512 1610 ie
536 1546 689 1631 πολέμῳ,
713 1567 743 1610 n.
765 1541 793 1616 Ἴ.
816 1558 848 1608 λ.

251 1688 347 1863 Qut?
362 1688 519 1803 earmina
537 1686 592 1763 ad
610 1685 709 1762 hunc
729 1684 843 1764 ferme
862 1684 1017 1765 mudum
1040 1684 1172 1768 Latine
1193 1634 1287 1767 verti
1312 1684 1406 1791 poue

159 1850 164 1859 .
230 1805 319 1865 een
336 1805 474 1865 nimus:

351 1938 401 2007 Sic
417 1932 511 2026 satus
537 1949 679 2025 campum
706 1927 824 2020 infiluit
840 1980 852 2014 ,
876 1924 1064 2009 clamoribus
1079 1956 1178 2007 auras
1295 1949 1297 1953 '

353 2029 511 2123 impleam
535 2051 609 2098 num
634 2045 788 2120 quantum
801 2028 937 2101 clamant
955 2035 1061 2102 novies
1074 2029 1239 2125 deciesque

349 2127 442 2200 Mille
461 2121 596 2198 homiues
611 2149 681 2195 eum
701 2126 797 2219 castra
812 2143 914 2196 ruunt
938 2132 1102 2200 Mavortis
1117 2134 1152 2201 in
1172 2143 1294 2212 arm

342 2231 487 2293 'Tantam
506 2226 676 2315 Neptunus
699 2218 781 2310 misst
807 2222 846 2293 de
861 2221 986 2314 pedore
998 2248 1124 2311 uonna,

342 2317 486 2391 Adam
513 2335 552 2389 ut
566 2316 665 2390 robur
684 2322 791 2390 Graiis
810 2323 847 2389 in
861 2317 973 2415 prelia
994 2318 1099 2416 longa.

252 2461 473 2562 Quanquam
493 2484 579 2538 vero
605 2483 689 2538 curn
720 2461 916 2540 immodica
939 2462 1095 2562 quadam
1118 2460 1298 2554 sermonis
1321 2481 1402 2545 exne

254 2566 414 2657 perantia
442 2560 518 2634 haec
544 2559 636 2634 diua
668 2555 736 2633 effe
760 2582 780 2634 a
803 2556 915 2635 Poeta
943 2557 1157 2647 uideantur,
1194 2577 1399 2642 nontamen
1427 2594 1431 2605 ·

253 2656 444 2753 absurdum
463 2670 576 2753 puto,
599 2658 675 2729 imo
694 2650 902 2732 Deo'valde
919 2653 1094 2734 decorum
1113 2711 1125 2743 ,
1151 2655 1325 2739 utentem
1341 2684 1397 2737 vo·

251 2772 333 2829 cent
352 2755 514 2828 emittere
537 2755 723 2850 potuerit,
748 2774 863 2849 quum
879 2751 1068 2855 prasertim
1085 2751 1285 2860 Neptunus
1298 2776 1397 2857 nqua-

253 2872 334 2924 rum
355 2848 457 2926 Deus
474 2845 674 2924 haberetur.
728 2847 825 2940 Quis
844 2846 943 2925 enim
960 2852 1104 2947 ignorat
1120 2853 1303 2949 ingentem
1324 2876 1392 2932 ma·

153 3011 156 3015 .
253 2948 301 3021 rie
325 2945 502 3029 sonitum,
527 2967 612 3022 cum
628 2947 800 3119 §tucellis
815 2947 1049 3044 exagitatur?
1073 2945 1183 3033 Certe
1209 2956 1391 3045 cnmJnnr-

251 3069 302 3118 nes
328 3064 456 3119 uocem
483 3040 611 3119 summi
668 3044 798 3117 uminis
815 3047 1035 3139 exprimeret
1058 3044 1095 3122 in
1114 3043 1254 3124 Divina
1273 3045 1393 3123 rettin-

205 3208 207 3213 ,
250 3139 377 3223 tione,
404 3139 547 3234 inquit,
574 3162 702 3216 vocem
725 3138 817 3215 illius
833 3138 868 3214 se
884 3138 1079 3227 audiviffe,
1103 3153 1280 3242 tanquam
1299 3166 1391 3219 mun

247 3258 403 3330 aquarum
425 3238 607 3309 multarum.
659 3234 778 3313 Nimis
797 3258 887 3332 ergo
906 3236 1035 3336 frigide
1050 3238 1253 3339 putideqne
1267 3236 1388 3317 Hone-

246 3336 276 3406 ri
297 3330 432 3416 ditium
449 3335 700 3428 interpretatur
718 3332 942 3428 Aristarchii,-
967 3357 1052 3412 cum
1074 3336 1171 3411 enim
1188 3350 1288 3415 tantu
1306 3335 1387 3432 Nep-

200 3464 204 3473 ·
246 3436 423 3506 tuni-vox
445 3425 507 3507 fibi
530 3428 671 3527 prorius
700 3430 879 3505 videretur
913 3430 1167 3520 incredibilis,
1203 3454 1284 3509 nun
1308 3432 1382 3532 lege·

246 3527 308 3603 bat
336 3523 522 3617 ἐννεσίῃλοι,
546 3522 565 3601 i
591 3525 776 3613 δεκάχιλοι,
799 3551 910 3599 novem
930 3529 1120 3616 nimirum,
1144 3530 1393 3613 auidecenrniiz

243 3624 317 3708 [ἕσις
342 3622 408 3713 sed¹
426 3619 609 3711 iruidxtrnnr
628 3670 637 3701 ,
659 3621 676 3690 ri
701 3618 900 3711 inanimae,
920 3619 991 3701 hoc
1018 3627 1090 3710 est,
1117 3652 1257 3711 novem,
1277 3628 1386 3701 autle-

241 3745 307 3792 eem
321 3720 426 3806 labia,
480 3716 671 3797 undidem
698 3719 772 3804 est,
806 3741 848 3794 ac
867 3742 1029 3808 novem,
1053 3721 1260 3821 decemque
1283 3721 1387 3801 humi·

132 3855 137 3859 -
241 3838 315 3890 nes.
367 3815 437 3891 Sed
453 3743 532 3895 zoe
553 3817 666 3893 modo
693 3815 782 3892 nihil
810 3816 946 3910 grande
976 3818 1022 3892 de
1049 3815 1134 3902 Deo
1156 3817 1314 3915 dixiiiet
1356 3819 1388 3896 Si

242 3917 340 3986 enim
358 3912 503 3990 Stentnr
527 3926 666 3989 tantum
697 3912 904 3997 clnmabat,
933 3930 1109 4011 quantum
1134 3917 1387 4014 quinquaginta

239 4005 438 4100 hominee3
460 4008 653 4105 Neptunus
677 4008 838 4107 proferto
852 4022 971 4085 tantus
987 4015 1087 4090 Deus
1104 4033 1181 4087 non
1202 4018 1385 4103 minorem,

241 4104 300 4180 sed
323 4103 441 4183 nrulto
461 4111 632 4196 majorem
658 4105 850 4185 hominum
867 4103 1099 4184 clamantium
1115 4131 1312 4189 numerum
1330 4132 1383 4186 ex-

236 4225 377 4300 aequare
397 4205 532 4295 debuit
583 4200 654 4279 Hic
682 4198 771 4279 iero
792 4201 868 4279 satie
886 4202 1052 4280 admirari
1077 4226 1153 4281 nun
1174 4205 1387 4300 poffunrin-

234 4296 304 4380 len
335 4299 431 4387 illiue
457 4297 679 4387 nobinflime
709 4299 855 4388 femina
879 4321 900 4380 e
928 4297 1046 4386 Gallia
1078 4301 1294 4484 judicifim,
1318 4327 1415 4402 qun¹

1228 4423 1414 4491 omitum·

171 4564 214 4604 h.
