3067 5117
157 428 381 531 >Hercule
400 426 565 530 fa8mm
575 500 592 545 ,
626 426 681 528 de
706 423 808 526 Chri
840 429 1155 525 ir'ncarnarione
1218 429 1282 539 se.

157 564 352 677 1ndum‚
387 604 410 662 a
433 563 645 661 Menelao
665 556 868 676 factum,
905 560 960 659 de
988 573 1080 697 ejus
1109 568 1279 664 natali:

157 709 331 811 ettium,
365 697 555 797 aParide
571 694 737 799 facium
758 766 775 814 ‚
809 695 864 793 de
887 705 978 824 ejus
997 730 1127 793 morte
1145 698 1280 801 diser-

157 876 170 936 s
209 831 355 932 verbis
398 842 716 967 interpretatur.
775 827 1030 930 Xanthum
1054 900 1080 946 ,-
1120 835 1279 966 Trojae

157 976 339 1079 urium,
371 997 493 1102 putat
516 963 1067 1122 adumbrareJordanem,
1100 974 1147 1064 in
1181 1007 1276 1100 quo
1312 982 1317 1002 ¹

158 1096 314 1202 hristus
333 1102 452 1202 sacro
469 1101 639 1201 lavacro
664 1107 842 1200 tinetus.
910 1100 1083 1197 Totum
1104 1101 1276 1206 Bellum

156 1241 360 1364 Troianum
383 1235 436 1335 de
447 1236 666 1375 spariruali
683 1229 941 1334 Liberaroris
956 1235 1177 1335 certamine
1195 1239 1273 1336 ad-

156 1368 255 1473 :rsus
281 1376 524 1506 malignum
558 1370 796 1506 spiritum,
837 1366 1011 1489 Judaeos
1042 1382 1089 1469 ὃ(
1117 1409 1271 1473 omnes
1316 1466 1322 1478 .

156 1504 260 1607 astes
276 1515 462 1644 exponit.
499 1503 881 1620 Clavffierculis,
901 1541 980 1600 nec
1001 1538 1097 1600 non
1115 1505 1272 1604 Achil-

156 1638 341 1754 shasta‚
389 1672 491 1775 quae
521 1638 580 1737 ob
609 1646 862 1774 gravitatem
891 1636 945 1735 ab
982 1636 1067 1734 alio
1103 1651 1270 1776 portari
1309 1659 1312 1665 '

156 1786 412 1909 inposuit,
453 1812 610 1874 crucem
644 1767 797 1900 chrtsti
825 1774 1147 1909 praefiguratam
1184 1778 1269 1874 effe

156 1917 250 2041 igit.
317 1913 535 2028 Junonem
556 1948 581 2007 a
602 1913 710 2028 Jove
728 1905 994 2007 verberatam
1014 1908 1268 2034 θεοίνθρωπον

155 2046 273 2172 ffiam
294 2043 512 2181 designare
536 2041 758 2143 existimat.
831 2043 1005 2173 Stygius
1026 2054 1161 2145 amnis
1185 2056 1199 2143 i
1231 2057 1265 2149 li
1371 2098 1375 2109 ·

155 2176 175 2273 l
199 2178 385 2304 itfernus
405 2251 432 2287 ‚.
459 2176 671 2305 Cerberus
689 2175 742 2274 ab
759 2180 950 2274 Hercule
972 2174 1157 2281 <lividius
1174 2083 1268 2279 ἰα-

155 2312 261 2420 lust
302 2312 573 2448 AEsculapius
604 2322 747 2412 autem
773 2340 958 2446 paterno
989 2302 1172 2413 fulmine
1208 2309 1263 2413 ad

155 2442 281 2543 nbras
316 2445 554 2562 detrusus,
599 2484 678 2543 nec
715 2481 808 2542 non
840 2442 1034 2549 Achilles
1074 2448 1260 2547 mortuis

155 2615 353 2712 sperans,
388 2577 715 2713 typi'fistuntur
746 2573 897 2706 Christi
921 2581 987 2677 a'd
1008 2584 1160 2707 infiros
1186 2585 1262 2681 de»

155 2711 345 2810 endentis.
413 2715 538 2812 Fletu
563 2713 623 2814 ob
642 2707 900 2812 defunnum
916 2712 1169 2815 Adonidem
1195 2720 1259 2817 lu-

155 2881 223 2940 am
241 2880 403 2985 propter
431 2881 643 2946 mortuum
674 2857 959 2945 servatorem
985 2847 1165 2947 indicari
1192 2891 1259 2950 ar·

154 3008 300 3076 tratur.
371 2962 489 3116 lpsos
535 2986 755 3093 latrones,
815 3018 1035 3080 unacum
1072 2981 1259 3084 Christo

154 3118 220 3208 uei
237 3109 424 3229 affixos,
458 3153 535 3250 per
551 3112 733 3213 Licham
757 3126 802 3213 ἃ
825 3113 1110 3217 Philocteteus
1131 3127 1258 3250 innui

155 3244 251 3343 nset.
321 3252 506 3349 Paucis:
541 3248 659 3349 nulla
684 3243 776 3347 fere
810 3246 873 3347 est
899 3257 946 3349 in
971 3282 1063 3351 tota
1090 3251 1257 3354 Christi

167 3386 366 3513 passionis
385 3390 512 3518 ipfiua¹
531 3382 711 3486 historia
737 3381 1087 3502 circumstantia,
1122 3427 1255 3523 quam
1331 3382 1335 3393 ⁸

154 3521 349 3612 Homeri
368 3518 529 3650 scriptis
545 3592 559 3628 ‚
574 3516 719 3619 ‘Iliade
746 3518 1011 3652 praesertim,
1055 3559 1147 3619 non
1175 3562 1254 3622 au-

154 3656 229 3745 slit
246 3680 518 3785 extorquere.
540 3728 545 3737 ⁴
588 3656 743 3753 Plenus
765 3650 828 3750 est
866 3651 949 3783 (ut
974 3660 1169 3754 Romana
1189 3691 1254 3756 ta-

154 3777 239 3908 tm)
276 3812 395 3889 totus
422 3785 530 3884 liber
557 3782 769 3918 ejusmodi
794 3785 1055 3921 paradoxis,
1090 3791 1270 3925 quibus

153 3951 205 4011 sus
220 3917 385 4014 alterve
403 3914 544 4020 forsan
563 3928 726 4057 ingenii
754 3918 862 4053 quid
880 3990 894 4027 ‚
932 3921 1080 4051 judicii
1108 3959 1253 4025 autem
1272 3966 1275 3972 ·

153 4042 202 4142 lil
230 4044 365 4148 inesse
392 4053 622 4186 prudentes
653 4090 804 4150 omnes
829 4055 1071 4156 censebunt.
1117 4057 1251 4158 .Vid.

153 4218 217 4283 tm
241 4187 452 4308 Ejusdem
485 4193 720 4317 Misteran.
760 4201 880 4289 Tem.
910 4200 969 4291 ll.
989 4228 1033 4336 p·
1066 4199 1157 4296 281.
1174 4198 1249 4334 sq

1133 4323 1257 4460 Qu
