3067 5117
460 380 1044 518 ‘ru'cr'trrors
1294 355 1402 522 a

175 606 299 693 Miror
316 663 328 695 ,
354 614 382 684 S
406 608 552 683 rodanum
571 627 695 683 verum
715 625 952 703 apertumque
977 605 1050 681 loci
1069 603 1177 700 hujus
1198 604 1335 684 sensum
1404 631 1407 636 ·

177 698 256 787 nnn
275 705 350 780 vidi
381 730 411 781 r.
461 701 656 801 Postquam
673 707 770 783 enim
792 701 960 783 duoesse
982 704 1117 779 sridum
1139 727 1271 801 genera
1285 706 1336 781 as·

177 805 362 886 firmavit,
388 824 502 876 unum
531 805 648 876 minus
681 799 846 876 usitatum
874 811 994 876 earum
1017 854 1028 886 ,
1052 795 1131 898 quae'
1149 823 1213 897 per
1231 805 1337 878 meri·

184 903 278 979 diem
299 912 365 973 aot
384 898 492 974 nodo
518 897 788 994 conspiciuntur
796 919 808 988 3
834 919 954 971 earum
973 895 1123 973 alterum
1140 918 1337 976 commone

188 1022 226 1078 ac
246 995 398 1092 vulgare
417 1010 515 1069 extra
535 995 746 1068 miraculum
770 1048 780 1077 ,
807 993 1062 1089 ostentumque
1087 999 1338 1091 apparentium

195 1101 231 1175 in
256 1090 409 1167 madidis
428 1091 581 1168 nubibus
597 1089 655 1165 seo
675 1092 818 1186 vespere
839 1107 962 1165 contra
983 1089 1104 1165 Solem
1128 1096 1164 1165 in
1184 1088 1340 1169 Oriente

182 1188 338 1295 sposrtis,
369 1188 427 1262 seu
444 1211 548 1263 mane
568 1190 604 1260 in
624 1183 830 1264 Occidente
856 1241 868 1273 ,
903 1187 1038 1262 cent'uit
1058 1188 1163 1284 priori
1188 1192 1341 1282 generis

194 1289 297 1369 indes
321 1285 365 1358 ab
387 1283 550 1359 Homero
566 1280 634 1359 esse
650 1284 827 1359 indicatas.
881 1286 927 1359 At
941 1298 1065 1358 nonne
1081 1284 1344 1382 multoprnba-
1382 1313 1385 1320 ·
1420 1342 1423 1349 -

180 1362 296 1475 ,lulius
311 1381 492 1465 videatur,
511 1381 548 1456 id
559 1378 694 1477 ipsum,
711 1381 812 1478 quod
833 1377 977 1478 Moyses
989 1395 1112 1456 narrat.
1132 1379 1239 1469 (Gen.
1250 1409 1274 1458 c.
1286 1386 1354 1472 9.)

203 1481 322 1558 Vatem
342 1484 546 1570 exprimere
567 1473 745 1562 voluisse,
777 1479 946 1553 nimirum
975 1499 1097 1554 arcum
1130 1478 1299 1558 statutum
1323 1504 1346 1559 a
1413 1492 1421 1500 “

174 1594 182 1643 t
207 1578 283 1659 Deo
300 1581 334 1651 in
359 1576 538 1658 nubibus,
564 1588 606 1649 ut
626 1571 766 1670 fignum
789 1570 872 1649 esset
889 1572 1004 1669 padi,
1033 1573 1348 1670 quofidemsuam

167 1742 173 1755 ..
211 1673 404 1753 hominibus
423 1670 644 1756 obstrinxit,
671 1669 963 1767 spoponditque,
987 1693 1173 1758 nunquam
1195 1673 1365 1771 amplius

210 1772 382 1863 sutorum,
409 1782 450 1844 ut
469 1764 664 1842 universam
684 1782 814 1841 terram
833 1769 933 1864 aquis
951 1767 1076 1841 diluvii
1091 1767 1350 1868 demergeret?

183 1898 187 1923 =
214 1867 329 1966 Neque
346 1865 485 1949 obstat,
511 1862 612 1958 quod
633 1861 739 1939 Vates
759 1885 836 1937 non
861 1863 975 1937 iridem
998 1919 1008 1946 ,
1034 1861 1094 1937 sed
1116 1865 1212 1947 irides
1230 1868 1351 1961 dixit3

182 1972 192 1999 ²
214 1987 285 2044 cum
303 1963 402 2036 enim
422 1960 541 2056 piures
560 1956 670 2035 essent
682 1961 719 2034 in
732 1963 1014 2057 Agamemnonis
1032 1958 1179 2036 thorace
1195 1962 1356 2061 exca'lpti
1384 2010 1387 2015 -

215 2063 401 2145 dracones,
428 2059 491 2157 qui
510 2057 627 2132 varios
644 2055 780 2132 sumine
808 2053 957 2153 percussi
975 2055 1177 2133 referebant
1196 2059 1355 2149 colores,

175 2242 180 2255 ,
220 2161 293 2236 bene
307 2140 463 2252 apte'que
485 2176 549 2229 eos
570 2169 755 2251 comparat
774 2154 918 2247 indibus.
970 2153 1139 2240 Accedit,
1155 2157 1272 2252 quod
1285 2179 1360 2236 una

172 2268 188 2325 ².
221 2257 268 2336 sris
283 2253 430 2349 alteram
447 2250 535 2348 saepe
556 2251 676 2348 gignit
695 2253 732 2324 in
757 2250 924 2327 nubibus.
974 2250 1043 2326 Sed
1059 2273 1359 2348 neqoeymoveor,

170 2308 188 2452 s
218 2349 305 2448 quod
336 2348 470 2424 iridem
488 2344 583 2436 istan
609 2349 822 2434 vocaverit,
857 2345 929 2424 hoc
964 2348 1117 2422 estnon
1150 2344 1362 2449 simpliciter

165 2410 178 2535 s
213 2449 332 2545 sgnum,
346 2443 405 2522 sed
418 2444 614 2542 prodigium,
634 2457 741 2543 atque
754 2448 911 2539 nieorum.
962 2443 1057 2522 Nam
1070 2443 1155 2520 licet
1170 2444 1234 2523 lris
1247 2449 1364 2525 innu-

219 2546 312 2622 bibus
324 2541 732 2638 naturaliter-appareat,
749 2554 869 2616 tamen
883 2542 984 2640 qood
1004 2539 1153 2621 Deosin
1167 2567 1207 2618 ea
1217 2543 1364 2622 foederis

222 2638 517 2720 cumhomioibus
534 2662 554 2713 a
574 2639 607 2712 se
619 2639 696 2722 initi
708 2636 832 2734 fignum
850 2639 1026 2719 statuerit,
1055 2643 1254 2716 maximum
1273 2640 1366 2718 sem·

223 2761 287 2836 prr
302 2737 472 2833 prodigium
490 2738 699 2830 nsenrumque,
707 2734 870 2810 habenda
892 2735 953 2811 est.
1003 2733 1231 2833 Opinionem
1246 2761 1367 2817 meam

219 2831 372 2914 adversos
394 2834 597 2930 spondaeum
618 2831 721 2908 valde
748 2831 939 2907 confirmat
963 2836 1113 2908 verbum
1140 2833 1278 2924 cietsr‘,
1305 2842 1369 2928 [sae

217 2939 308 3017 tuit,
339 2953 414 3028 qun
435 2928 515 3006 usus
538 2928 588 3003 est
612 2925 722 3004 Vates
747 2983 759 3017 ,
785 2952 867 3004 nam
901 2929 990 3004 mire
1026 2926 1164 3025 Moysis
1186 2928 1369 3010 locutioni
1412 3010 1416 3030 ,

216 3025 407 3112 consonat,
436 3028 497 3123 qui
512 3023 635 3102 Deum
650 3023 806 3102 Noacho
822 3025 1002 3101 dicentem
1023 3027 1183 3103 inducit:
1210 3027 1230 3120 (
1239 3058 1272 3103 o.
1289 3035 1369 3124 rr.)

216 3133 358 3201 Statuam
369 3126 498 3222 passum
516 3148 627 3196 meum.
648 3123 684 3197 dr
704 3122 844 3200 rursus:
882 3122 939 3207 (v.
964 3122 1039 3212 17.)
1077 3130 1148 3198 Hoc
1168 3122 1230 3199 ersr
1246 3125 1373 3224 fignum

210 3223 360 3318 fuderis,
385 3221 471 3316 quod
485 3225 627 3314 constitui
641 3227 725 3293 inter
737 3246 785 3292 me
800 3218 843 3317 dd
863 3241 981 3293 omnem
996 3245 1119 3294 carnem
1125 3221 1222 3318 super
1236 3221 1368 3308 terram,

218 3319 305 3396 Non
331 3333 450 3394 tamen
472 3315 676 3402 inficiabor,
708 3314 793 3417 Irim
818 3319 924 3391 etiam
952 3316 1151 3393 ominosam
1171 3320 1216 3394 ab
1230 3317 1372 3398 Home·

219 3439 261 3492 ro
284 3413 517 3511 descriptam,
542 3414 637 3516 (Lib.
669 3421 767 3489 XVII.
799 3442 832 3486 v.
865 3412 965 3504 547.)
981 3436 1100 3511 uuam
1125 3430 1232 3492 vocat
1248 3438 1373 3514 purpu-

220 3538 323 3596 ream,
351 3510 523 3603 πορφυςὲην
555 3513 634 3601 iro,
661 3509 786 3585 colore
802 3507 932 3584 scilicet
944 3525 1167 3588 cometarum
1181 3514 1372 3602 imbutam,
1431 3573 1438 3592 ,

223 3631 327 3707 quam
345 3607 471 3683 diserte
490 3609 537 3683 ait
559 3608 602 3681 ab
623 3602 716 3704 Jove
735 3609 772 3680 in
790 3607 888 3681 coelo
902 3607 1085 3691 extendi,
1111 3610 1153 3686 ut
1169 3606 1312 3710 signum
1332 3609 1377 3691 fit

224 3704 432 3783 mortalibus
447 3705 503 3779 vel
525 3703 634 3788 belii,
660 3702 718 3779 vel
736 3704 952 3799 tempestatis
975 3701 1136 3802 frigide:
1165 3709 1169 3716 ’

369 3888 418 3904 ““
463 3861 515 3902 ““““
562 3831 656 3939 Ἶὲῧΐ
684 3853 811 3939 siwia!
835 3855 854 3924 >s
878 3848 1049 3938 πολέμοιο,

367 3943 409 4016 Ἢ
431 3945 483 4033 Ui
508 3951 657 4038 >crepam
682 3945 892 4035 scotaneto,
942 3984 992 4001 -
1037 3985 1088 4003 .-

232 4088 296 4173 Sed
318 4094 406 4172 sicut
426 4092 503 4172 haec
519 4094 564 4170 ad
590 4109 705 4190 genus
725 4098 843 4171 minus
860 4091 1025 4173 usitatum
1053 4096 1233 4268 pertinere
1252 4097 1380 4199 liquet,

235 4196 277 4270 ita
297 4194 373 4269 illas
399 4193 443 4268 ad
463 4214 660 4272 commune
680 4215 796 4289 genus
819 4192 939 4268 referri
964 4192 1014 4267 ob
1036 4194 1138 4268 asara
1169 4213 1382 4294 argumenta

165 4286 169 4307 .
212 4291 440 4387 judicamur.
493 4285 619 4370 RlCC.
642 4285 723 4387 Diffi
737 4297 944 4468 HuiuzTom,
963 4295 1003 4368 11,
1020 4306 1055 4389 p,
1073 4301 1155 4384 235,
1170 4292 1288 4468 seqq·v
1327 4406 1373 4485 ³0
